<?xml version="1.0" encoding="UTF-8"?><collection xmlns="http://www.loc.gov/MARC21/slim"><record><leader>00481nam--2200181-i-4500</leader><controlfield tag="001">000027045</controlfield><controlfield tag="002">20161230</controlfield><controlfield tag="005">20161230201036</controlfield><controlfield tag="008">060222s1000------------r-----000-0-eng-d</controlfield><datafield ind1=" " ind2=" " tag="040"><subfield code="a">IFIN-HH</subfield></datafield><datafield ind1=" " ind2=" " tag="080"><subfield code="a">532:536.22</subfield></datafield><datafield ind1="1" ind2=" " tag="100"><subfield code="a">Eyring, Henry</subfield></datafield><datafield ind1="1" ind2="0" tag="245"><subfield code="a">Significant liquid structures</subfield><subfield code="c">Henry eyring, mu shik jhon</subfield></datafield><datafield ind1=" " ind2=" " tag="260"><subfield code="a">New York, John Wiley &amp; Sons, Inc., 1969</subfield></datafield><datafield ind1=" " ind2=" " tag="300"><subfield code="a">IX + 149P</subfield></datafield><datafield ind1=" " ind2=" " tag="700"><subfield code="a">Jhon, Mu Shik</subfield></datafield><datafield ind1=" " ind2=" " tag="852"><subfield code="a">36499</subfield><subfield code="c">532</subfield></datafield><datafield ind1=" " ind2=" " tag="CAT"><subfield code="a">Sys</subfield><subfield code="c">20100715</subfield><subfield code="h">102609</subfield></datafield></record></collection>